@article{EBVSurvey,
  doi = {10.1038/s41467-022-29307-3},
  url = {https://doi.org/10.1038/s41467-022-29307-3},
  year = {2022},
  month = {4},
  publisher = {Springer Science and Business Media {LLC}},
  volume = {13},
  number = {1},
  author = {Mentzer, A.J. and Brenner, N. and Allen, N.},
  title = {Identification of host{\textendash}pathogen-disease relationships using a scalable multiplex serology platform in {UK} Biobank},
  journal = {Nature Communications}
}

@article{EBVMSSurvey,
  doi = {10.1126/science.abj8222},
  url = {https://doi.org/10.1126/science.abj8222},
  year = {2022},
  month = {1},
  publisher = {American Association for the Advancement of Science ({AAAS})},
  volume = {375},
  number = {6578},
  pages = {296--301},
  author = {Bjornevik, Kjetil and Cortese, Marianna},
  title = {Longitudinal analysis reveals high prevalence of Epstein-Barr virus associated with multiple sclerosis},
  journal = {Science}
}

@url{census,
   url = {https://www.ethnicity-facts-figures.service.gov.uk/uk-population-by-ethnicity/demographics/age-groups/latest#average-age-by-ethnicity}
}

@article{ebvprevalence,
  doi = {10.1186/s12889-020-09049-x},
  url = {https://doi.org/10.1186/s12889-020-09049-x},
  year = {2020},
  month = jun,
  publisher = {Springer Science and Business Media {LLC}},
  volume = {20},
  number = {1},
  author = {Ashvin Kuri and Benjamin Meir Jacobs and Nikki Vickaryous and Julia Pakpoor and Jaap Middeldorp and Gavin Giovannoni and Ruth Dobson},
  title = {Epidemiology of Epstein-Barr virus infection and infectious mononucleosis in the United Kingdom},
  journal = {{BMC} Public Health}
}

@article{rate,
  doi = {10.1016/j.jadohealth.2019.11.310},
  url = {https://doi.org/10.1016/j.jadohealth.2019.11.310},
  year = {2020},
  month = may,
  publisher = {Elsevier {BV}},
  volume = {66},
  number = {5},
  pages = {582--588},
  author = {Rachel H. Scott and Kaye Wellings and Laura Lindberg},
  title = {Adolescent Sexual Activity,  Contraceptive Use,  and Pregnancy in Britain and the U.S.: A Multidecade Comparison},
  journal = {Journal of Adolescent Health}
}

@article{ZVZ,
  doi = {10.1038/s41598-019-45381-y},
  url = {https://doi.org/10.1038/s41598-019-45381-y},
  year = {2019},
  month = jun,
  publisher = {Springer Science and Business Media {LLC}},
  volume = {9},
  number = {1},
  author = {Lara Gosc{\'{e}} and Joanne R. Winter and Graham S. Taylor and Joanna E. A. Lewis and Helen R. Stagg},
  title = {Modelling the dynamics of {EBV} transmission to inform a vaccine target product profile and future vaccination strategy},
  journal = {Scientific Reports}
}
@article{model,
  doi = {10.1016/j.cegh.2022.101052},
  url = {https://doi.org/10.1016/j.cegh.2022.101052},
  year = {2022},
  month = may,
  publisher = {Elsevier {BV}},
  volume = {15},
  pages = {101052},
  author = {Nikhila Yaladanda and Rajasekhar Mopuri and Hari Prasad Vavilala and Srinivasa Rao Mutheneni},
  title = {Modelling the impact of perfect and imperfect vaccination strategy against {SARS} {CoV}-2 by assuming varied vaccine efficacy over India},
  journal = {Clinical Epidemiology and Global Health}
}
@article{RoRe,
  doi = {10.5005/jp-journals-10071-23649},
  url = {https://doi.org/10.5005/jp-journals-10071-23649},
  year = {2020},
  publisher = {Jaypee Brothers Medical Publishing},
  volume = {24},
  number = {11},
  pages = {1125--1127},
  author = {Rajesh M Shetty and Nithya C Achaiah and Sindhu B Subbarajasetty},
  title = {R0 and Re of {COVID}-19: Can We Predict When the Pandemic Outbreak will be Contained?},
  journal = {Indian Journal of Critical Care Medicine}
}